<record><leader>00000cas a22000007a 4500</leader><controlfield tag="001">22144047</controlfield><controlfield tag="008">900725d19411971maudn ne      0    0eng d</controlfield><controlfield tag="009">9107</controlfield><datafield ind1=" " ind2=" " tag="010"><subfield code="a">sn 89062416 </subfield></datafield><datafield ind1=" " ind2=" " tag="040"><subfield code="a">MGN</subfield><subfield code="b">eng</subfield><subfield code="c">MGN</subfield></datafield><datafield ind1=" " ind2=" " tag="042"><subfield code="a">msc</subfield></datafield><datafield ind1="0" ind2=" " tag="130"><subfield code="a">Marlboro daily enterprise (Marlborough, Mass. : 1941)</subfield></datafield><datafield ind1="0" ind2="0" tag="245"><subfield code="a">Marlboro daily enterprise.</subfield></datafield><datafield ind1=" " ind2=" " tag="260"><subfield code="a">Marlboro, Mass. :</subfield><subfield code="b">[s.n.],</subfield></datafield><datafield ind1=" " ind2=" " tag="300"><subfield code="a">v.</subfield></datafield><datafield ind1=" " ind2=" " tag="310"><subfield code="a">Daily (except Sun.)</subfield></datafield><datafield ind1="0" ind2=" " tag="362"><subfield code="a">Vol. 53, no. 54 (Mar. 5, 1941)-v. 83, no. 34 (Feb. 11, 1971).</subfield></datafield><datafield ind1=" " ind2=" " tag="752"><subfield code="a">United States</subfield><subfield code="b">Massachusetts</subfield><subfield code="c">Middlesex</subfield><subfield code="d">Marlborough.</subfield></datafield><datafield ind1="0" ind2="0" tag="780"><subfield code="t">Marlboro enterprise (Marlborough, Mass. : 1922)</subfield><subfield code="w">(DLC)sn 89062415</subfield></datafield><datafield ind1="0" ind2="0" tag="785"><subfield code="t">Marlboro enterprise (Marlborough, Mass. : 1971)</subfield><subfield code="w">(DLC)sn 89062417</subfield></datafield></record>